<record><leader>00000cas a2200000 a 4500</leader><controlfield tag="001">37664416</controlfield><controlfield tag="007">hd afa014bacp</controlfield><controlfield tag="007">hd bfa014baap</controlfield><controlfield tag="007">hd bfa014babp</controlfield><controlfield tag="008">970922d19081953ksuwr nea     0    0eng c</controlfield><datafield ind1=" " ind2=" " tag="010"><subfield code="a">sn 97016157 </subfield></datafield><datafield ind1=" " ind2=" " tag="040"><subfield code="a">ATL</subfield><subfield code="b">eng</subfield><subfield code="c">ATL</subfield><subfield code="d">OCL</subfield><subfield code="d">OCLCQ</subfield><subfield code="d">OCLCO</subfield><subfield code="d">OCLCA</subfield><subfield code="d">OCLCF</subfield><subfield code="d">OCLCQ</subfield></datafield><datafield ind1=" " ind2=" " tag="042"><subfield code="a">pcc</subfield></datafield><datafield ind1=" " ind2=" " tag="043"><subfield code="a">n-us-ks</subfield></datafield><datafield ind1="1" ind2="4" tag="050"><subfield code="a">BX6440</subfield></datafield><datafield ind1="0" ind2="4" tag="245"><subfield code="a">The Negro star.</subfield></datafield><datafield ind1=" " ind2=" " tag="260"><subfield code="a">Wichita, Kan. :</subfield><subfield code="b">H.T. Sims,</subfield><subfield code="c">-1953.</subfield></datafield><datafield ind1=" " ind2=" " tag="300"><subfield code="a">volumes :</subfield><subfield code="b">illustrations ;</subfield><subfield code="c">55 cm</subfield></datafield><datafield ind1=" " ind2=" " tag="310"><subfield code="a">Weekly</subfield></datafield><datafield ind1=" " ind2=" " tag="336"><subfield code="a">text</subfield><subfield code="b">txt</subfield><subfield code="2">rdacontent</subfield></datafield><datafield ind1=" " ind2=" " tag="337"><subfield code="a">microform</subfield><subfield code="b">h</subfield><subfield code="2">rdamedia</subfield></datafield><datafield ind1=" " ind2=" " tag="338"><subfield code="a">microfilm reel</subfield><subfield code="b">hd</subfield><subfield code="2">rdacarrier</subfield></datafield><datafield ind1="0" ind2=" " tag="362"><subfield code="a">-v. 45, no. 38 (Jan. 16, 1953).</subfield></datafield><datafield ind1="1" ind2=" " tag="362"><subfield code="a">Began in 1908.</subfield><subfield code="z">Cf. Ayer, 1920.</subfield></datafield><datafield ind1=" " ind2=" " tag="525"><subfield code="a">Supplements included.</subfield></datafield><datafield ind1=" " ind2=" " tag="550"><subfield code="a">Organ of: Baptist State Convention and Auxs., Wichita, Kansas.</subfield></datafield><datafield ind1=" " ind2=" " tag="588"><subfield code="a">Description based on: Vol. 12, no. 51 (May 7, 1920).</subfield></datafield><datafield ind1=" " ind2=" " tag="533"><subfield code="a">Microfilm.</subfield><subfield code="m">v.28,no. 44-v.45 (Apr. 24,1936-1953):[Gaps]</subfield><subfield code="b">Evanston, Ill. :</subfield><subfield code="c">American Theological Library Association,</subfield><subfield code="d">1982.</subfield><subfield code="e">5 microfilm reels ; 35 mm.</subfield><subfield code="f">(ATLA serials preservation program ; ATLA film R141).</subfield></datafield><datafield ind1=" " ind2="0" tag="650"><subfield code="a">African American Baptists</subfield><subfield code="z">Kansas</subfield><subfield code="v">Newspapers.</subfield></datafield><datafield ind1=" " ind2="0" tag="650"><subfield code="a">Baptists, Black</subfield><subfield code="z">Kansas</subfield><subfield code="v">Newspapers.</subfield></datafield><datafield ind1=" " ind2="7" tag="650"><subfield code="a">African American Baptists.</subfield><subfield code="2">fast</subfield><subfield code="0">(OCoLC)fst00798965</subfield></datafield><datafield ind1=" " ind2="7" tag="650"><subfield code="a">Baptists, Black.</subfield><subfield code="2">fast</subfield><subfield code="0">(OCoLC)fst00827340</subfield></datafield><datafield ind1=" " ind2="7" tag="651"><subfield code="a">Kansas.</subfield><subfield code="2">fast</subfield><subfield code="0">(OCoLC)fst01204323</subfield></datafield><datafield ind1=" " ind2="7" tag="655"><subfield code="a">Newspapers.</subfield><subfield code="2">fast</subfield><subfield code="0">(OCoLC)fst01423814</subfield></datafield><datafield ind1="2" ind2=" " tag="710"><subfield code="a">Baptist State Convention (Kan.)</subfield></datafield><datafield ind1=" " ind2=" " tag="752"><subfield code="a">United States</subfield><subfield code="b">Kansas</subfield><subfield code="c">Sedgwick</subfield><subfield code="d">Wichita.</subfield></datafield><datafield ind1="1" ind2=" " tag="776"><subfield code="c">Original</subfield><subfield code="w">(DLC)sn 85032569</subfield><subfield code="w">(OCoLC)12617095</subfield></datafield><datafield ind1="0" ind2="0" tag="785"><subfield code="t">Post observer</subfield></datafield><datafield ind1=" " ind2="0" tag="830"><subfield code="a">ATLA serials preservation program ;</subfield><subfield code="v">ATLA film R141.</subfield></datafield><datafield ind1="1" ind2=" " tag="029"><subfield code="a">AU@</subfield><subfield code="b">000013503887</subfield></datafield></record>